<?xml version="1.0" encoding="UTF-8"?><collection><record><leader>08894ntm a2200577 a 4500</leader><controlfield tag="001">006803214</controlfield><controlfield tag="003">MiAaHDL</controlfield><controlfield tag="005">20190719000000.0</controlfield><controlfield tag="006">m        d        </controlfield><controlfield tag="007">cr bn ---auaua</controlfield><controlfield tag="008">090526q178018uuxx            00| ||ara d</controlfield><datafield tag="035" ind1=" " ind2=" "><subfield code="a">(MiU)006803214</subfield></datafield><datafield tag="035" ind1=" " ind2=" "><subfield code="a">sdr-miu006803214</subfield></datafield><datafield tag="040" ind1=" " ind2=" "><subfield code="a">MiU</subfield><subfield code="c">MiU</subfield><subfield code="e">amremm</subfield></datafield><datafield tag="043" ind1=" " ind2=" "><subfield code="a">n-us-mi</subfield></datafield><datafield tag="100" ind1="1" ind2=" "><subfield code="6">880-01</subfield><subfield code="a">Shaykhʹzādah, ʻAbd al-Raḥmān ibn Muḥammad,</subfield><subfield code="d">-1667 or 1668</subfield></datafield><datafield tag="240" ind1="1" ind2="0"><subfield code="6">880-02</subfield><subfield code="a">Majmaʻ al-anhur sharḥ Multaqá al-abḥur.</subfield><subfield code="n">juzʼ 2</subfield></datafield><datafield tag="245" ind1="1" ind2="3"><subfield code="6">880-03</subfield><subfield code="a">[al-Juzʼ al-thānī min Majmaʻ al-anhur sharḥ Multaqá al-abḥur,</subfield><subfield code="f">late 18th or 19th century?].</subfield></datafield><datafield tag="260" ind1=" " ind2=" "><subfield code="c">[1780 to 18--?].</subfield></datafield><datafield tag="300" ind1=" " ind2=" "><subfield code="a">209 leaves :</subfield><subfield code="b">paper ;</subfield><subfield code="c">245 x 150 (180-181x 100-102) mm. bound to 245 x 155 mm.</subfield></datafield><datafield tag="500" ind1=" " ind2=" "><subfield code="a">Shelfmark: Ann Arbor, University of Michigan, Special Collections Library, Isl. Ms. 258</subfield></datafield><datafield tag="500" ind1=" " ind2=" "><subfield code="a">Origin: No details on date of transcription or copyist supplied in text. Hand, paper, etc. would suggest late 18th or 19th century.</subfield></datafield><datafield tag="500" ind1=" " ind2=" "><subfield code="a">Former shelfmark: Pasted label on spine "۴۷٦" ; inscription in pencil on lower pastedown "496 T. De M. [i.e. Tammaro De Marinis]" ; "85" inscribed in pencil on recto of first folio.</subfield></datafield><datafield tag="500" ind1=" " ind2=" "><subfield code="a">Binding: Pasteboards covered in deep brown leather (goat) with black leather on spine ; Type II binding (with flap) ; upper and lower covers carry gold stamped mandorla, pendants, and corner pieces filled with a vegetal design (compare Déroche class. OAi 4) bordered in a decorative pattern of tiny blind-tooled and gold painted (now green in many places) rosettes along with a decorative frame consisting of blind stamped and gold painted guilloche roll border flanked by gold fillets ; this decorative pattern carries on to the foreedge flap and envelope flap which is decorated in the same fashion as the upper and lower covers but for which the decorative work has been better preserved (a border of gold painted fillets and sprigs at the spandrels of the smaller mandorla/rosette appears on the envelope flap but not on the covers where it was likely lost) ; the foreedge flap carries gold fillets and a decorative pattern of tiny blind stamped (and gold painted) rosettes (interior of the flap as well) with guilloche roll accent at top and bottom pastedowns and flyleaves (and interior of envelope flap) in yellow laid paper (single chain lines visible, spaced 30-32 mm. apart) ; white thread ; two sewing stations ; chevron endbands in red (faded to salmon color) and yellow ; in poor to fair condition ; still well attached but with much wear ; oxidation and loss of gold paint on cover ; sever pest damage to lower cover, some to upper cover and flap as well (envelope and foreedge) ; housed in box for protection.</subfield></datafield><datafield tag="500" ind1=" " ind2=" "><subfield code="a">Support: Pastedowns and flyleaves in laid paper with chain lines running vertically spaced roughly 30-32 mm. apart, laid lines running horizontally spaced roughly 6 laid lines per cm., quite fibrous and crisp ; first three folios (p.1-6) ruled for table of contents on a laid paper with laid lines running horizontally spaced roughly 6 laid lines per cm., sagging and undulating, quite fibrous and crisp, light brown in colour with some inclusions ; bulk of the textblock in a European laid paper with single chain lines running horizontally and spaced 25-27 mm. apart, laid lines running vertically and spaced laid lines 10-11 laid lines per cm., and watermark difficult to examine but possibly lion (even passant guardant, see p.12, 16, 18, 58, etc.) and "V G" (see p.14, etc. likely Valentino Galvani, see pp.88-89 in Walz, "The paper trade of Egypt and the Sudan" and compare Eineder nos.986, 987, etc. ), few inclusions and undissolved fibers, cream color, crisp and burnished ; still another watermark is visible in final leaves (likely of different paper type), a flower with five long petals over letters "G M" (see p.416).</subfield></datafield><datafield tag="500" ind1=" " ind2=" "><subfield code="a">Decoration: Decorative frame consisting of black fillets flanking a gold band is present throughout text ; initial leaves are ruled for a table of contents but unfilled ; text rubricated with chapter and section headings, overlinings, etc. in red.</subfield></datafield><datafield tag="500" ind1=" " ind2=" "><subfield code="a">Script: Naskh ; very small, stiff Turkish hand in heavy line ; mainly seriffed with right-sloping head serif (approaching horizontal in some instances), slight effect of inclination to the left, exaggerated thickness of many horizontal strokes, pointing in strokes rather than distinct dots, point of final nūn often seated above or nearly assimilated with tall, narrow bowl.</subfield></datafield><datafield tag="500" ind1=" " ind2=" "><subfield code="a">Layout: Written in 33 lines per page ; frame-ruled.</subfield></datafield><datafield tag="500" ind1=" " ind2=" "><subfield code="a">Collation: i, 3 (3), 19 V (193), VII (207), I (209), i ; mainly quinions ; catchwords supplied but lacking in many places ; opening added leaves ruled for table of contents but left blank ; final two leaves ruled but left blank ; pagination in black ink, Hindu Arabic numerals, top center of each page from opening of text to second to final folio of text, though mistakenly repeats each of the following page numbers ١٢۸, ١٢٤, ۲۹۱, ۳٥٤ ; pagination in pencil, Western numerals (supplied during cataloguing).</subfield></datafield><datafield tag="500" ind1=" " ind2=" "><subfield code="a">Colophon: "Authorial," triangular, reads: "هذا اخر كتاب سماه الملتقى الابحر ولم ال من الالو وهو التقصير جهدا اي لم امنعك جهدا في عدم ترك شيء من مسائل الكتب الاربعة وهي القدوري والمختار والكنز والوقاية كما مر في الخطبة ... حتى يسهل الطلب على من اشتبه عليه صحة شيء مما ليس في الكتب الاربعة ... وما توفيقي الا بالله عليه توكلت واليه انيب . وقع التمام والاختتام ببلدة ادرنة صانها الله عن البلية قاضيا بالعسكر المنصور في ولاية روم ايلي المعمورة راجيا من الله عز وجل العفو مما وقع عن القصور والخبط والذلل وذلك في ليلة الخميس في اليوم التاسع وعشر من جمادى الآخر من شهور سنة سبع وسبعين الف من الهجرة النبوية من له الفرد الشرف اللهم اجعله لي ذاخرا نافعا وخيرا باقيا بحرمة جميع الانبياء والمرسلين خصوصا بحرمة حبيبك محمد المصطفى صلوات الله وسلامه عليه وعليهم اجمعين والحمد لله رب العالمين" ; "Scribal," reads: "تمت الكتاب بعون الله الملك الوهاب".</subfield></datafield><datafield tag="500" ind1=" " ind2=" "><subfield code="a">Explicit: "قال الفقير يريد المولى الفاضل روح الله روحه وزاد في أعلى غرف الجنان فتوح نفسه النفيسة"</subfield></datafield><datafield tag="500" ind1=" " ind2=" "><subfield code="a">Incipit: "بان يكون آدميا فهواى هذا لبيع فاسد لما فيه عن زيادة عرية عن العوض فيكون ربوا وكل عقد شرط فيه..."</subfield></datafield><datafield tag="500" ind1=" " ind2=" "><subfield code="a">Title supplied by cataloguer.</subfield></datafield><datafield tag="500" ind1=" " ind2=" "><subfield code="a">Ms. codex.</subfield></datafield><datafield tag="510" ind1="4" ind2=" "><subfield code="a">Eineder, Georg. The ancient paper-mills of the former Austro-Hungarian Empire and their watermarks. Hilversum, Holland: Paper Publications Society, 1960.</subfield></datafield><datafield tag="510" ind1="4" ind2=" "><subfield code="a">Walz, Terence. "The paper trade of Egypt and the Sudan in the eighteenth and nineteenth centuries and its re-export to the Bilad as-Sudan." In The trans-Saharan book trade: manuscript culture, Arabic literacy, and intellectual history in Muslim Africa. Graziano Krätli and Ghislaine Lydon, Eds. (Leiden : Brill, 2011):</subfield><subfield code="c">73-108.</subfield></datafield><datafield tag="510" ind1="4" ind2=" "><subfield code="a">Brockelmann, C. GAL,</subfield><subfield code="c">SII 643 e</subfield></datafield><datafield tag="520" ind1="8" ind2=" "><subfield code="a">Second part of ʻAbd al-Raḥmān ibn Muḥammad Shaykhʹzādah's (d.1078/1667) popular commentary on al-Ḥalabī’s Multaqá al-abḥur, a handbook of Ḥanafī fiqh, opening in Kitāb al-buyūʻ.</subfield></datafield><datafield tag="538" ind1=" " ind2=" "><subfield code="a">Mode of access: Internet.</subfield></datafield><datafield tag="541" ind1=" " ind2=" "><subfield code="c">Purchase ;</subfield><subfield code="a">Acquired by purchase (funds donated by Horace Rackham).</subfield><subfield code="d">1924.</subfield></datafield><datafield tag="546" ind1=" " ind2=" "><subfield code="a">Arabic.</subfield></datafield><datafield tag="561" ind1=" " ind2=" "><subfield code="a">Other than the apparent former shelfmarks or sellers' marks, conspicuous lack of detailed ownership marks ; some marginal corrections.</subfield></datafield><datafield tag="600" ind1="1" ind2="0"><subfield code="a">Ḥalabī, Ibrāhīm ibn Muḥammad,</subfield><subfield code="d">d. 1549 or 50.</subfield><subfield code="t">Multaqá al-abḥur.</subfield></datafield><datafield tag="650" ind1=" " ind2="0"><subfield code="a">Manuscripts, Arabic</subfield><subfield code="z">Michigan</subfield><subfield code="z">Ann Arbor.</subfield></datafield><datafield tag="650" ind1=" " ind2="0"><subfield code="a">Hanafites</subfield><subfield code="v">Early works to 1800.</subfield></datafield><datafield tag="650" ind1=" " ind2="0"><subfield code="a">Islamic law</subfield><subfield code="v">Early works to 1800.</subfield></datafield><datafield tag="700" ind1="0" ind2=" "><subfield code="a">Abdülhamid</subfield><subfield code="b">II,</subfield><subfield code="c">Sultan of the Turks,</subfield><subfield code="d">1842-1918,</subfield><subfield code="e">former owner.</subfield></datafield><datafield tag="773" ind1="0" ind2=" "><subfield code="a">Abdul Hamid Collection.</subfield></datafield><datafield tag="880" ind1="1" ind2="2"><subfield code="6">245-03/</subfield><subfield code="a">[الجزء الثاني من مجمع الانهر شرح ملتقى الابحر,</subfield><subfield code="f">اواخر القرن 18 او 19م؟].</subfield></datafield><datafield tag="880" ind1="1" ind2="0"><subfield code="6">240-02/</subfield><subfield code="a">مجمع الانهر شرح ملتقى الابحر.</subfield><subfield code="n">جزء 2</subfield></datafield><datafield tag="880" ind1="1" ind2=" "><subfield code="6">100-01/</subfield><subfield code="a">شيخ زاده, عبد الرحمن بن محمد.</subfield></datafield><datafield tag="CID" ind1=" " ind2=" "><subfield code="a">006803214</subfield></datafield><datafield tag="DAT" ind1="0" ind2=" "><subfield code="a">20190719102636.0</subfield><subfield code="b">20190719000000.0</subfield></datafield><datafield tag="DAT" ind1="1" ind2=" "><subfield code="a">20190719090653.0</subfield><subfield code="b">2019-07-19T16:11:36Z</subfield></datafield><datafield tag="DAT" ind1="2" ind2=" "><subfield code="a">2015-10-10T18:00:06Z</subfield><subfield code="b">2014-03-05T21:00:03Z</subfield></datafield><datafield tag="CAT" ind1=" " ind2=" "><subfield code="a">SDR-MIU</subfield><subfield code="d">EX LIBRIS - ALEPH</subfield><subfield code="l">prepare.pl-004-008</subfield></datafield><datafield tag="FMT" ind1=" " ind2=" "><subfield code="a">BK</subfield></datafield><datafield tag="HOL" ind1=" " ind2=" "><subfield code="0">sdr-miu006803214</subfield><subfield code="a">MiU</subfield><subfield code="b">SDR</subfield><subfield code="c">MIU</subfield><subfield code="p">mdp.39015079126754</subfield><subfield code="s">MIU</subfield><subfield code="1">006803214</subfield></datafield><datafield tag="974" ind1=" " ind2=" "><subfield code="b">MIU</subfield><subfield code="c">MIU</subfield><subfield code="d">20190719</subfield><subfield code="s">lit-dlps-dc</subfield><subfield code="u">mdp.39015079126754</subfield><subfield code="y">1899</subfield><subfield code="r">pd</subfield><subfield code="q">exp</subfield></datafield></record></collection>